<?xml version="1.0" encoding="UTF-8"?><collection xmlns="http://www.loc.gov/MARC21/slim"><record><leader>00390nam--2200145-i-4500</leader><controlfield tag="001">000039841</controlfield><controlfield tag="002">20161230</controlfield><controlfield tag="005">20161230201042</controlfield><controlfield tag="008">060222s1000------------r-----000-0-eng-d</controlfield><datafield ind1=" " ind2=" " tag="080"><subfield code="a">517.1:513.85</subfield></datafield><datafield ind1=" " ind2=" " tag="100"><subfield code="a">Rudeanu Sergiu</subfield></datafield><datafield ind1=" " ind2=" " tag="245"><subfield code="a">Axiomele laticilor si ale algebrelor booleene</subfield></datafield><datafield ind1=" " ind2=" " tag="260"><subfield code="a">Bucuresti, Ed.Acad.Rpr, 1963. 159 P</subfield></datafield><datafield ind1=" " ind2=" " tag="852"><subfield code="a">9080</subfield><subfield code="c">517.11</subfield></datafield><datafield ind1=" " ind2=" " tag="CAT"><subfield code="a">Sys</subfield><subfield code="c">20080715</subfield><subfield code="h">085140</subfield></datafield></record></collection>